@book{lamport1994latex,
  title={LATEX: a document preparation system: user's guide and reference manual},
  author={Lamport, Leslie},
  year={1994},
  publisher={Addison-wesley}
}



@misc{Figures,
  title = {Inserting Images},
  url = {\url{https://www.overleaf.com/learn/latex/Inserting_Images}},
  note = {Accessed: 2010-08-21}
}
